[gd_scene load_steps=9 format=2]

[ext_resource path="res://assets/dialogue_title.tres" type="DynamicFont" id=1]
[ext_resource path="res://assets/theme.tres" type="Theme" id=2]
[ext_resource path="res://assets/dialogue_panel.tres" type="StyleBox" id=3]
[ext_resource path="res://components/hud/lab/lab.gd" type="Script" id=4]
[ext_resource path="res://assets/penguins/placeholder.png" type="Texture" id=5]
[ext_resource path="res://assets/sounds/click2.wav" type="AudioStream" id=6]
[ext_resource path="res://assets/sounds/click1.wav" type="AudioStream" id=7]
[ext_resource path="res://assets/sounds/ding.wav" type="AudioStream" id=8]

[node name="Lab" type="PanelContainer"]
anchor_right = 0.75
anchor_bottom = 1.0
margin_top = 75.0
theme = ExtResource( 2 )
custom_styles/panel = ExtResource( 3 )
script = ExtResource( 4 )
__meta__ = {
"_edit_use_anchors_": false
}

[node name="VBoxContainer" type="VBoxContainer" parent="."]
margin_left = 25.0
margin_top = 25.0
margin_right = 1415.0
margin_bottom = 980.0
custom_constants/separation = 10

[node name="Title" type="Label" parent="VBoxContainer"]
margin_right = 1390.0
margin_bottom = 51.0
custom_fonts/font = ExtResource( 1 )
custom_colors/font_color = Color( 1, 1, 1, 1 )
custom_colors/font_outline_modulate = Color( 0, 0, 0, 1 )
text = "Lab"
align = 1

[node name="HBoxContainer" type="HBoxContainer" parent="VBoxContainer"]
margin_top = 61.0
margin_right = 1390.0
margin_bottom = 141.0

[node name="Label" type="Label" parent="VBoxContainer/HBoxContainer"]
margin_top = 18.0
margin_right = 1138.0
margin_bottom = 61.0
size_flags_horizontal = 3
text = "Assigned Penguins"

[node name="WorkButton1" type="TextureButton" parent="VBoxContainer/HBoxContainer"]
margin_left = 1142.0
margin_right = 1222.0
margin_bottom = 80.0
rect_min_size = Vector2( 80, 80 )
mouse_default_cursor_shape = 2
texture_normal = ExtResource( 5 )
expand = true
stretch_mode = 4

[node name="WorkButton2" type="TextureButton" parent="VBoxContainer/HBoxContainer"]
margin_left = 1226.0
margin_right = 1306.0
margin_bottom = 80.0
rect_min_size = Vector2( 80, 80 )
mouse_default_cursor_shape = 2
texture_normal = ExtResource( 5 )
expand = true
stretch_mode = 4

[node name="WorkButton3" type="TextureButton" parent="VBoxContainer/HBoxContainer"]
margin_left = 1310.0
margin_right = 1390.0
margin_bottom = 80.0
rect_min_size = Vector2( 80, 80 )
mouse_default_cursor_shape = 2
texture_normal = ExtResource( 5 )
expand = true
stretch_mode = 4

[node name="SelectPenguins" type="HBoxContainer" parent="VBoxContainer"]
margin_top = 151.0
margin_right = 1390.0
margin_bottom = 194.0
custom_constants/separation = 20

[node name="Label" type="Label" parent="VBoxContainer/SelectPenguins"]
margin_right = 1170.0
margin_bottom = 43.0
size_flags_horizontal = 3
text = "Available Fairy Penguins"

[node name="Available" type="Label" parent="VBoxContainer/SelectPenguins"]
margin_left = 1190.0
margin_right = 1390.0
margin_bottom = 43.0
rect_min_size = Vector2( 200, 0 )
text = "0"
align = 2

[node name="AvailableResearchPoints" type="HBoxContainer" parent="VBoxContainer"]
margin_top = 204.0
margin_right = 1390.0
margin_bottom = 253.0
custom_constants/separation = 20

[node name="Label" type="Label" parent="VBoxContainer/AvailableResearchPoints"]
margin_top = 3.0
margin_right = 1000.0
margin_bottom = 46.0
size_flags_horizontal = 3
text = "Available Research Points"

[node name="Amount" type="Label" parent="VBoxContainer/AvailableResearchPoints"]
margin_left = 1020.0
margin_top = 3.0
margin_right = 1170.0
margin_bottom = 46.0
rect_min_size = Vector2( 150, 0 )
text = "0"
align = 2
__meta__ = {
"_edit_use_anchors_": false
}

[node name="ConvertButton" type="Button" parent="VBoxContainer/AvailableResearchPoints"]
margin_left = 1190.0
margin_right = 1390.0
margin_bottom = 49.0
rect_min_size = Vector2( 200, 0 )
mouse_default_cursor_shape = 2
text = "Convert"

[node name="Convert" type="VBoxContainer" parent="VBoxContainer"]
visible = false
margin_top = 179.0
margin_right = 1390.0
margin_bottom = 340.0
custom_constants/separation = 10

[node name="Label" type="Label" parent="VBoxContainer/Convert"]
margin_right = 1390.0
margin_bottom = 43.0
text = "Convert Resources to Points"
align = 1

[node name="Bamboo" type="HBoxContainer" parent="VBoxContainer/Convert"]
margin_top = 53.0
margin_right = 1390.0
margin_bottom = 102.0
custom_constants/separation = 10

[node name="Label" type="Label" parent="VBoxContainer/Convert/Bamboo"]
margin_top = 3.0
margin_right = 1060.0
margin_bottom = 46.0
size_flags_horizontal = 3
text = "Convert Bamboo to 4 Points"

[node name="Button1" type="Button" parent="VBoxContainer/Convert/Bamboo"]
margin_left = 1070.0
margin_right = 1170.0
margin_bottom = 49.0
rect_min_size = Vector2( 100, 0 )
mouse_default_cursor_shape = 2
text = "1"

[node name="Button10" type="Button" parent="VBoxContainer/Convert/Bamboo"]
margin_left = 1180.0
margin_right = 1280.0
margin_bottom = 49.0
rect_min_size = Vector2( 100, 0 )
mouse_default_cursor_shape = 2
text = "10"

[node name="Button100" type="Button" parent="VBoxContainer/Convert/Bamboo"]
margin_left = 1290.0
margin_right = 1390.0
margin_bottom = 49.0
rect_min_size = Vector2( 100, 0 )
mouse_default_cursor_shape = 2
text = "100"

[node name="Tetsium" type="HBoxContainer" parent="VBoxContainer/Convert"]
margin_top = 112.0
margin_right = 1390.0
margin_bottom = 161.0
custom_constants/separation = 10

[node name="Label" type="Label" parent="VBoxContainer/Convert/Tetsium"]
margin_top = 3.0
margin_right = 1060.0
margin_bottom = 46.0
size_flags_horizontal = 3
text = "Convert Kwardium to 12 Points"

[node name="Button1" type="Button" parent="VBoxContainer/Convert/Tetsium"]
margin_left = 1070.0
margin_right = 1170.0
margin_bottom = 49.0
rect_min_size = Vector2( 100, 0 )
mouse_default_cursor_shape = 2
text = "1"

[node name="Button10" type="Button" parent="VBoxContainer/Convert/Tetsium"]
margin_left = 1180.0
margin_right = 1280.0
margin_bottom = 49.0
rect_min_size = Vector2( 100, 0 )
mouse_default_cursor_shape = 2
text = "10"

[node name="Button100" type="Button" parent="VBoxContainer/Convert/Tetsium"]
margin_left = 1290.0
margin_right = 1390.0
margin_bottom = 49.0
rect_min_size = Vector2( 100, 0 )
mouse_default_cursor_shape = 2
text = "100"

[node name="Tools" type="HBoxContainer" parent="VBoxContainer"]
visible = false
margin_top = 263.0
margin_right = 1390.0
margin_bottom = 306.0

[node name="Label" type="Label" parent="VBoxContainer/Tools"]
margin_right = 1296.0
margin_bottom = 43.0
size_flags_horizontal = 3
text = "Tools"

[node name="Tool1" type="TextureRect" parent="VBoxContainer/Tools"]
margin_left = 1300.0
margin_right = 1343.0
margin_bottom = 43.0
rect_min_size = Vector2( 43, 0 )

[node name="Tool2" type="TextureRect" parent="VBoxContainer/Tools"]
margin_left = 1347.0
margin_right = 1390.0
margin_bottom = 43.0
rect_min_size = Vector2( 43, 0 )

[node name="Progress" type="HBoxContainer" parent="VBoxContainer"]
margin_top = 263.0
margin_right = 1390.0
margin_bottom = 306.0

[node name="Label" type="Label" parent="VBoxContainer/Progress"]
margin_right = 462.0
margin_bottom = 43.0
size_flags_horizontal = 3
size_flags_stretch_ratio = 0.5
text = "Progress"

[node name="ProgressBar" type="ProgressBar" parent="VBoxContainer/Progress"]
margin_left = 466.0
margin_right = 1390.0
margin_bottom = 43.0
size_flags_horizontal = 3

[node name="ScrollContainer" type="ScrollContainer" parent="VBoxContainer"]
margin_top = 316.0
margin_right = 1390.0
margin_bottom = 896.0
size_flags_vertical = 3

[node name="VBoxContainer" type="VBoxContainer" parent="VBoxContainer/ScrollContainer"]
margin_right = 1390.0
size_flags_horizontal = 3

[node name="CloseButton" type="Button" parent="VBoxContainer"]
margin_top = 906.0
margin_right = 1390.0
margin_bottom = 955.0
mouse_default_cursor_shape = 2
text = "Close"

[node name="ClickOn" type="AudioStreamPlayer" parent="."]
stream = ExtResource( 6 )

[node name="ClickOff" type="AudioStreamPlayer" parent="."]
stream = ExtResource( 7 )

[node name="Finished" type="AudioStreamPlayer" parent="."]
stream = ExtResource( 8 )
[connection signal="pressed" from="VBoxContainer/HBoxContainer/WorkButton1" to="." method="_on_WorkButton1_pressed"]
[connection signal="pressed" from="VBoxContainer/HBoxContainer/WorkButton2" to="." method="_on_WorkButton2_pressed"]
[connection signal="pressed" from="VBoxContainer/HBoxContainer/WorkButton3" to="." method="_on_WorkButton3_pressed"]
[connection signal="pressed" from="VBoxContainer/AvailableResearchPoints/ConvertButton" to="." method="_on_ConvertButton_pressed"]
[connection signal="pressed" from="VBoxContainer/Convert/Bamboo/Button1" to="." method="convert_to_rp" binds= [ "bamboo", 1 ]]
[connection signal="pressed" from="VBoxContainer/Convert/Bamboo/Button10" to="." method="convert_to_rp" binds= [ "bamboo", 10 ]]
[connection signal="pressed" from="VBoxContainer/Convert/Bamboo/Button100" to="." method="convert_to_rp" binds= [ "bamboo", 100 ]]
[connection signal="pressed" from="VBoxContainer/Convert/Tetsium/Button1" to="." method="convert_to_rp" binds= [ "kwardium", 1 ]]
[connection signal="pressed" from="VBoxContainer/Convert/Tetsium/Button10" to="." method="convert_to_rp" binds= [ "kwardium", 10 ]]
[connection signal="pressed" from="VBoxContainer/Convert/Tetsium/Button100" to="." method="convert_to_rp" binds= [ "kwardium", 100 ]]
[connection signal="pressed" from="VBoxContainer/CloseButton" to="." method="_on_CloseButton_pressed"]
