[gd_scene load_steps=8 format=2]

[ext_resource path="res://assets/theme.tres" type="Theme" id=1]
[ext_resource path="res://assets/dialogue_panel.tres" type="StyleBox" id=2]
[ext_resource path="res://assets/dialogue_title.tres" type="DynamicFont" id=3]
[ext_resource path="res://components/hud/monument/monument.gd" type="Script" id=4]
[ext_resource path="res://assets/materials/ice.png" type="Texture" id=5]
[ext_resource path="res://assets/materials/stone.png" type="Texture" id=6]
[ext_resource path="res://assets/materials/bamboo.png" type="Texture" id=7]

[node name="Monument" type="PanelContainer"]
anchor_top = 0.707
anchor_right = 0.75
anchor_bottom = 1.0
theme = ExtResource( 1 )
custom_styles/panel = ExtResource( 2 )
script = ExtResource( 4 )
__meta__ = {
"_edit_use_anchors_": false
}

[node name="VBoxContainer" type="VBoxContainer" parent="."]
margin_left = 25.0
margin_top = 25.0
margin_right = 1415.0
margin_bottom = 294.0
custom_constants/separation = 10

[node name="Title" type="Label" parent="VBoxContainer"]
margin_right = 1390.0
margin_bottom = 51.0
custom_fonts/font = ExtResource( 3 )
custom_colors/font_color = Color( 1, 1, 1, 1 )
custom_colors/font_outline_modulate = Color( 0, 0, 0, 1 )
text = "Monument"
align = 1

[node name="WorkingPenguins" type="HBoxContainer" parent="VBoxContainer"]
margin_top = 61.0
margin_right = 1390.0
margin_bottom = 104.0

[node name="Label" type="Label" parent="VBoxContainer/WorkingPenguins"]
margin_right = 1362.0
margin_bottom = 43.0
size_flags_horizontal = 3
text = "Working Robot Penguins"

[node name="Amount" type="Label" parent="VBoxContainer/WorkingPenguins"]
margin_left = 1366.0
margin_right = 1390.0
margin_bottom = 43.0
text = "0"
__meta__ = {
"_edit_use_anchors_": false
}

[node name="Needs" type="HBoxContainer" parent="VBoxContainer"]
margin_top = 114.0
margin_right = 1390.0
margin_bottom = 157.0

[node name="Label" type="Label" parent="VBoxContainer/Needs"]
margin_right = 857.0
margin_bottom = 43.0
size_flags_horizontal = 3
text = "Needs per worker"

[node name="AmountStone" type="Label" parent="VBoxContainer/Needs"]
margin_left = 861.0
margin_right = 885.0
margin_bottom = 43.0
text = "4"

[node name="Stone" type="TextureRect" parent="VBoxContainer/Needs"]
margin_left = 889.0
margin_right = 932.0
margin_bottom = 43.0
rect_min_size = Vector2( 43, 0 )
texture = ExtResource( 6 )
expand = true
stretch_mode = 5

[node name="and1" type="Label" parent="VBoxContainer/Needs"]
margin_left = 936.0
margin_right = 1086.0
margin_bottom = 43.0
rect_min_size = Vector2( 150, 0 )
text = "and"
align = 1

[node name="AmountBamboo" type="Label" parent="VBoxContainer/Needs"]
margin_left = 1090.0
margin_right = 1114.0
margin_bottom = 43.0
text = "1"

[node name="Bamboo" type="TextureRect" parent="VBoxContainer/Needs"]
margin_left = 1118.0
margin_right = 1161.0
margin_bottom = 43.0
rect_min_size = Vector2( 43, 0 )
texture = ExtResource( 7 )
expand = true
stretch_mode = 5

[node name="and2" type="Label" parent="VBoxContainer/Needs"]
margin_left = 1165.0
margin_right = 1315.0
margin_bottom = 43.0
rect_min_size = Vector2( 150, 0 )
text = "and"
align = 1

[node name="AmountIce" type="Label" parent="VBoxContainer/Needs"]
margin_left = 1319.0
margin_right = 1343.0
margin_bottom = 43.0
text = "2"

[node name="Ice" type="TextureRect" parent="VBoxContainer/Needs"]
margin_left = 1347.0
margin_right = 1390.0
margin_bottom = 43.0
rect_min_size = Vector2( 43, 0 )
texture = ExtResource( 5 )
expand = true
stretch_mode = 5

[node name="Progress" type="HBoxContainer" parent="VBoxContainer"]
margin_top = 167.0
margin_right = 1390.0
margin_bottom = 210.0

[node name="Label" type="Label" parent="VBoxContainer/Progress"]
margin_right = 462.0
margin_bottom = 43.0
size_flags_horizontal = 3
size_flags_stretch_ratio = 0.5
text = "Progress"

[node name="ProgressBar" type="ProgressBar" parent="VBoxContainer/Progress"]
margin_left = 466.0
margin_right = 1390.0
margin_bottom = 43.0
size_flags_horizontal = 3
max_value = 500.0
step = 1.0

[node name="CloseButton" type="Button" parent="VBoxContainer"]
margin_top = 220.0
margin_right = 1390.0
margin_bottom = 269.0
mouse_default_cursor_shape = 2
text = "Close"
[connection signal="pressed" from="VBoxContainer/CloseButton" to="." method="_on_CloseButton_pressed"]
