[gd_scene load_steps=11 format=2]

[ext_resource path="res://assets/dialogue_title.tres" type="DynamicFont" id=1]
[ext_resource path="res://assets/theme.tres" type="Theme" id=2]
[ext_resource path="res://assets/dialogue_panel.tres" type="StyleBox" id=3]
[ext_resource path="res://assets/penguins/placeholder.png" type="Texture" id=4]
[ext_resource path="res://components/hud/mining_hub/mining_hub.gd" type="Script" id=5]
[ext_resource path="res://assets/sounds/click2.wav" type="AudioStream" id=6]
[ext_resource path="res://assets/sounds/click1.wav" type="AudioStream" id=7]
[ext_resource path="res://assets/materials/minerals.png" type="Texture" id=8]
[ext_resource path="res://assets/materials/stone.png" type="Texture" id=9]
[ext_resource path="res://assets/materials/water.png" type="Texture" id=10]

[node name="MiningHub" type="PanelContainer"]
anchor_top = 0.617
anchor_right = 0.75
anchor_bottom = 1.0
theme = ExtResource( 2 )
custom_styles/panel = ExtResource( 3 )
script = ExtResource( 5 )
__meta__ = {
"_edit_use_anchors_": false
}

[node name="VBoxContainer" type="VBoxContainer" parent="."]
margin_left = 25.0
margin_top = 25.0
margin_right = 1415.0
margin_bottom = 388.64
custom_constants/separation = 10

[node name="Title" type="Label" parent="VBoxContainer"]
margin_right = 1390.0
margin_bottom = 51.0
custom_fonts/font = ExtResource( 1 )
custom_colors/font_color = Color( 1, 1, 1, 1 )
custom_colors/font_outline_modulate = Color( 0, 0, 0, 1 )
text = "Mining Hub"
align = 1

[node name="Assigned" type="HBoxContainer" parent="VBoxContainer"]
margin_top = 61.0
margin_right = 1390.0
margin_bottom = 141.0

[node name="Label" type="Label" parent="VBoxContainer/Assigned"]
margin_top = 18.0
margin_right = 1138.0
margin_bottom = 61.0
size_flags_horizontal = 3
text = "Assinged Penguins"

[node name="WorkButton1" type="TextureButton" parent="VBoxContainer/Assigned"]
margin_left = 1142.0
margin_right = 1222.0
margin_bottom = 80.0
rect_min_size = Vector2( 80, 80 )
mouse_default_cursor_shape = 2
texture_normal = ExtResource( 4 )
expand = true
stretch_mode = 4

[node name="WorkButton2" type="TextureButton" parent="VBoxContainer/Assigned"]
margin_left = 1226.0
margin_right = 1306.0
margin_bottom = 80.0
rect_min_size = Vector2( 80, 80 )
mouse_default_cursor_shape = 2
texture_normal = ExtResource( 4 )
expand = true
stretch_mode = 4

[node name="WorkButton3" type="TextureButton" parent="VBoxContainer/Assigned"]
margin_left = 1310.0
margin_right = 1390.0
margin_bottom = 80.0
rect_min_size = Vector2( 80, 80 )
mouse_default_cursor_shape = 2
texture_normal = ExtResource( 4 )
expand = true
stretch_mode = 4

[node name="AvailablePenguins" type="HBoxContainer" parent="VBoxContainer"]
margin_top = 151.0
margin_right = 1390.0
margin_bottom = 194.0

[node name="Label" type="Label" parent="VBoxContainer/AvailablePenguins"]
margin_right = 1362.0
margin_bottom = 43.0
size_flags_horizontal = 3
text = "Available Chinstrap Penguins"

[node name="Amount" type="Label" parent="VBoxContainer/AvailablePenguins"]
margin_left = 1366.0
margin_right = 1390.0
margin_bottom = 43.0
text = "0"

[node name="Generates" type="HBoxContainer" parent="VBoxContainer"]
margin_top = 204.0
margin_right = 1390.0
margin_bottom = 247.0

[node name="Label" type="Label" parent="VBoxContainer/Generates"]
margin_right = 877.0
margin_bottom = 43.0
size_flags_horizontal = 3
text = "Generates"

[node name="AmountWater" type="Label" parent="VBoxContainer/Generates"]
margin_left = 881.0
margin_right = 945.0
margin_bottom = 43.0
text = "4-8"

[node name="Water" type="TextureRect" parent="VBoxContainer/Generates"]
margin_left = 949.0
margin_right = 992.0
margin_bottom = 43.0
rect_min_size = Vector2( 43, 0 )
texture = ExtResource( 10 )
expand = true
stretch_mode = 5

[node name="or1" type="Label" parent="VBoxContainer/Generates"]
margin_left = 996.0
margin_right = 1096.0
margin_bottom = 43.0
rect_min_size = Vector2( 100, 0 )
text = "or"
align = 1

[node name="AmountMinerals" type="Label" parent="VBoxContainer/Generates"]
margin_left = 1100.0
margin_right = 1164.0
margin_bottom = 43.0
text = "2-5"

[node name="Minerals" type="TextureRect" parent="VBoxContainer/Generates"]
margin_left = 1168.0
margin_right = 1211.0
margin_bottom = 43.0
rect_min_size = Vector2( 43, 0 )
texture = ExtResource( 8 )
expand = true
stretch_mode = 5

[node name="or2" type="Label" parent="VBoxContainer/Generates"]
margin_left = 1215.0
margin_right = 1315.0
margin_bottom = 43.0
rect_min_size = Vector2( 100, 0 )
text = "or"
align = 1

[node name="AmountStone" type="Label" parent="VBoxContainer/Generates"]
margin_left = 1319.0
margin_right = 1343.0
margin_bottom = 43.0
text = "2"

[node name="Stone" type="TextureRect" parent="VBoxContainer/Generates"]
margin_left = 1347.0
margin_right = 1390.0
margin_bottom = 43.0
rect_min_size = Vector2( 43, 0 )
texture = ExtResource( 9 )
expand = true
stretch_mode = 5

[node name="Tools" type="HBoxContainer" parent="VBoxContainer"]
visible = false
margin_top = 204.0
margin_right = 1390.0
margin_bottom = 247.0

[node name="Label" type="Label" parent="VBoxContainer/Tools"]
margin_right = 1296.0
margin_bottom = 43.0
size_flags_horizontal = 3
text = "Tools"

[node name="Tool1" type="TextureRect" parent="VBoxContainer/Tools"]
margin_left = 1300.0
margin_right = 1343.0
margin_bottom = 43.0
rect_min_size = Vector2( 43, 0 )

[node name="Tool2" type="TextureRect" parent="VBoxContainer/Tools"]
margin_left = 1347.0
margin_right = 1390.0
margin_bottom = 43.0
rect_min_size = Vector2( 43, 0 )

[node name="Speed" type="HBoxContainer" parent="VBoxContainer"]
margin_top = 257.0
margin_right = 1390.0
margin_bottom = 300.0

[node name="Label" type="Label" parent="VBoxContainer/Speed"]
margin_right = 1285.0
margin_bottom = 43.0
size_flags_horizontal = 3
text = "Current Drillspeed"

[node name="Amount" type="Label" parent="VBoxContainer/Speed"]
margin_left = 1289.0
margin_right = 1390.0
margin_bottom = 43.0
text = "0m/s"

[node name="CloseButton" type="Button" parent="VBoxContainer"]
margin_top = 310.0
margin_right = 1390.0
margin_bottom = 359.0
mouse_default_cursor_shape = 2
text = "Close"

[node name="ClickOn" type="AudioStreamPlayer" parent="."]
stream = ExtResource( 6 )

[node name="ClickOff" type="AudioStreamPlayer" parent="."]
stream = ExtResource( 7 )
[connection signal="pressed" from="VBoxContainer/Assigned/WorkButton1" to="." method="_on_WorkButton1_pressed"]
[connection signal="pressed" from="VBoxContainer/Assigned/WorkButton2" to="." method="_on_WorkButton2_pressed"]
[connection signal="pressed" from="VBoxContainer/Assigned/WorkButton3" to="." method="_on_WorkButton3_pressed"]
[connection signal="pressed" from="VBoxContainer/CloseButton" to="." method="_on_CloseButton_pressed"]
