[gd_scene load_steps=10 format=2]

[ext_resource path="res://assets/theme.tres" type="Theme" id=1]
[ext_resource path="res://assets/penguins/placeholder.png" type="Texture" id=2]
[ext_resource path="res://assets/dialogue_title.tres" type="DynamicFont" id=3]
[ext_resource path="res://assets/dialogue_panel.tres" type="StyleBox" id=4]
[ext_resource path="res://components/hud/factory/factory.gd" type="Script" id=5]
[ext_resource path="res://assets/sounds/click2.wav" type="AudioStream" id=6]
[ext_resource path="res://assets/sounds/click1.wav" type="AudioStream" id=7]
[ext_resource path="res://assets/materials/battery.png" type="Texture" id=8]
[ext_resource path="res://assets/materials/protorium.png" type="Texture" id=9]

[node name="Factory" type="PanelContainer"]
anchor_top = 0.525
anchor_right = 0.75
anchor_bottom = 1.0
theme = ExtResource( 1 )
custom_styles/panel = ExtResource( 4 )
script = ExtResource( 5 )
__meta__ = {
"_edit_use_anchors_": false
}

[node name="VBoxContainer" type="VBoxContainer" parent="."]
margin_left = 25.0
margin_top = 25.0
margin_right = 1415.0
margin_bottom = 490.0
custom_constants/separation = 10

[node name="Title" type="Label" parent="VBoxContainer"]
margin_right = 1390.0
margin_bottom = 51.0
custom_fonts/font = ExtResource( 3 )
custom_colors/font_color = Color( 1, 1, 1, 1 )
custom_colors/font_outline_modulate = Color( 0, 0, 0, 1 )
text = "Factory"
align = 1

[node name="Assigned" type="HBoxContainer" parent="VBoxContainer"]
margin_top = 61.0
margin_right = 1390.0
margin_bottom = 141.0

[node name="Label" type="Label" parent="VBoxContainer/Assigned"]
margin_top = 18.0
margin_right = 1138.0
margin_bottom = 61.0
size_flags_horizontal = 3
text = "Assigned Penguins"

[node name="WorkButton1" type="TextureButton" parent="VBoxContainer/Assigned"]
margin_left = 1142.0
margin_right = 1222.0
margin_bottom = 80.0
rect_min_size = Vector2( 80, 80 )
mouse_default_cursor_shape = 2
texture_normal = ExtResource( 2 )
expand = true
stretch_mode = 4

[node name="WorkButton2" type="TextureButton" parent="VBoxContainer/Assigned"]
margin_left = 1226.0
margin_right = 1306.0
margin_bottom = 80.0
rect_min_size = Vector2( 80, 80 )
mouse_default_cursor_shape = 2
texture_normal = ExtResource( 2 )
expand = true
stretch_mode = 4

[node name="WorkButton3" type="TextureButton" parent="VBoxContainer/Assigned"]
margin_left = 1310.0
margin_right = 1390.0
margin_bottom = 80.0
rect_min_size = Vector2( 80, 80 )
mouse_default_cursor_shape = 2
texture_normal = ExtResource( 2 )
expand = true
stretch_mode = 4

[node name="AvailablePenguins" type="HBoxContainer" parent="VBoxContainer"]
margin_top = 151.0
margin_right = 1390.0
margin_bottom = 194.0

[node name="Label" type="Label" parent="VBoxContainer/AvailablePenguins"]
margin_right = 1362.0
margin_bottom = 43.0
size_flags_horizontal = 3
text = "Available Emperor Penguins"

[node name="Amount" type="Label" parent="VBoxContainer/AvailablePenguins"]
margin_left = 1366.0
margin_right = 1390.0
margin_bottom = 43.0
text = "0"

[node name="AvailableResources" type="HBoxContainer" parent="VBoxContainer"]
margin_top = 204.0
margin_right = 1390.0
margin_bottom = 247.0

[node name="Label" type="Label" parent="VBoxContainer/AvailableResources"]
margin_right = 1362.0
margin_bottom = 43.0
size_flags_horizontal = 3
text = "Available Protorium Ore"

[node name="Amount" type="Label" parent="VBoxContainer/AvailableResources"]
margin_left = 1366.0
margin_right = 1390.0
margin_bottom = 43.0
text = "0"

[node name="Needs" type="HBoxContainer" parent="VBoxContainer"]
margin_top = 257.0
margin_right = 1390.0
margin_bottom = 300.0

[node name="Label" type="Label" parent="VBoxContainer/Needs"]
margin_right = 1315.0
margin_bottom = 43.0
size_flags_horizontal = 3
text = "Needs per worker"

[node name="Amount" type="Label" parent="VBoxContainer/Needs"]
margin_left = 1319.0
margin_right = 1343.0
margin_bottom = 43.0
text = "6"

[node name="Protorium" type="TextureRect" parent="VBoxContainer/Needs"]
margin_left = 1347.0
margin_right = 1390.0
margin_bottom = 43.0
rect_min_size = Vector2( 43, 0 )
texture = ExtResource( 9 )
expand = true
stretch_mode = 5

[node name="Generates" type="HBoxContainer" parent="VBoxContainer"]
margin_top = 310.0
margin_right = 1390.0
margin_bottom = 353.0

[node name="Label" type="Label" parent="VBoxContainer/Generates"]
margin_right = 1315.0
margin_bottom = 43.0
size_flags_horizontal = 3
text = "Generates"

[node name="Amount" type="Label" parent="VBoxContainer/Generates"]
margin_left = 1319.0
margin_right = 1343.0
margin_bottom = 43.0
text = "1"

[node name="TextureRect" type="TextureRect" parent="VBoxContainer/Generates"]
margin_left = 1347.0
margin_right = 1390.0
margin_bottom = 43.0
rect_min_size = Vector2( 43, 0 )
texture = ExtResource( 8 )
expand = true
stretch_mode = 5

[node name="Tools" type="HBoxContainer" parent="VBoxContainer"]
visible = false
margin_top = 257.0
margin_right = 1390.0
margin_bottom = 300.0

[node name="Label" type="Label" parent="VBoxContainer/Tools"]
margin_right = 1382.0
margin_bottom = 43.0
size_flags_horizontal = 3
text = "Tools"

[node name="Tool1" type="TextureRect" parent="VBoxContainer/Tools"]
margin_left = 1386.0
margin_right = 1386.0
margin_bottom = 43.0

[node name="Tool2" type="TextureRect" parent="VBoxContainer/Tools"]
margin_left = 1390.0
margin_right = 1390.0
margin_bottom = 43.0

[node name="Progress" type="HBoxContainer" parent="VBoxContainer"]
margin_top = 363.0
margin_right = 1390.0
margin_bottom = 406.0

[node name="Label" type="Label" parent="VBoxContainer/Progress"]
margin_right = 462.0
margin_bottom = 43.0
size_flags_horizontal = 3
size_flags_stretch_ratio = 0.5
text = "Progress"

[node name="ProgressBar" type="ProgressBar" parent="VBoxContainer/Progress"]
margin_left = 466.0
margin_right = 1390.0
margin_bottom = 43.0
size_flags_horizontal = 3
max_value = 20.0
__meta__ = {
"_edit_use_anchors_": false
}

[node name="CloseButton" type="Button" parent="VBoxContainer"]
margin_top = 416.0
margin_right = 1390.0
margin_bottom = 465.0
mouse_default_cursor_shape = 2
text = "Close"

[node name="ClickOn" type="AudioStreamPlayer" parent="."]
stream = ExtResource( 6 )

[node name="ClickOff" type="AudioStreamPlayer" parent="."]
stream = ExtResource( 7 )
[connection signal="pressed" from="VBoxContainer/Assigned/WorkButton1" to="." method="_on_WorkButton1_pressed"]
[connection signal="pressed" from="VBoxContainer/Assigned/WorkButton2" to="." method="_on_WorkButton2_pressed"]
[connection signal="pressed" from="VBoxContainer/Assigned/WorkButton3" to="." method="_on_WorkButton3_pressed"]
[connection signal="pressed" from="VBoxContainer/CloseButton" to="." method="_on_CloseButton_pressed"]
